@ARTICLE{DepLec2022,
    AUTHOR = {Jules Depersin and Guillaume Lecu\'e},
     TITLE = {Robust sub-Gaussian estimation of a mean vector in nearly linear time},
   JOURNAL = {Ann. Statist.},
  FJOURNAL = {Annals of Statistics},
      YEAR = {2022},
    VOLUME = {50},
    NUMBER = {1},
     PAGES = {511-536},
      ISSN = {0090-5364},
       DOI = {10.1214/21-AOS2118},
      SICI = {0090-5364(2022)50:1<511:RSGEOA>2.0.CO;2-I},
}

